@article{fthes,
    author = "François Genoud",
    title = "A Uniqueness Result for $∆u − λu + V(|x|)u^p = 0$ on $\mathbb{R}^2$",
    journal = "Advanced Nonlinear Studies",
    volume = "11",
    pages = "483--491",
    year = "2011",
    keywords = "Semilinear elliptic PDE, Ground state, Uniqueness"
}
