@book{fibg,
    AUTHOR = {Fibich, Gadi},
     TITLE = {The nonlinear {S}chr\"{o}dinger equation},
    SERIES = {Applied Mathematical Sciences},
    VOLUME = {192},
      NOTE = {Singular solutions and optical collapse},
 PUBLISHER = {Springer, Cham},
      YEAR = {2015},
     PAGES = {862},
      ISBN = {978-3-319-12747-7; 978-3-319-12748-4},
   MRCLASS = {35-02 (35B35 35B44 35C08 35Q55 78A05 78A10 78A35)},
  MRNUMBER = {3308230},
MRREVIEWER = {Dmitry E. Pelinovsky},
       DOI = {10.1007/978-3-319-12748-4},
       URL = {https://doi.org/10.1007/978-3-319-12748-4},
}
@book{grif,
  title={Introduction to Electrodynamics},
  author={Griffiths, D.J.},
  isbn={9780139199608},
  lccn={98050525},
  series={Pearson international edition},
  url={https://books.google.nl/books?id=x0akQgAACAAJ},
  year={1999},
  publisher={Prentice Hall}
}
@book{siegm,
  title={Lasers},
  author={Siegman, A.E.},
  isbn={9780935702118},
  lccn={lc86050346},
  url={https://books.google.de/books?id=1BZVwUZLTkAC},
  year={1986},
  publisher={University Science Books}
}
@book{butc,
  title={The Elements of Nonlinear Optics},
  author={Butcher, P.N. and Cotter, D.},
  isbn={9780521424240},
  lccn={89022187},
  series={Cambridge Studies in Modern Optics},
  url={https://books.google.nl/books?id=su\_pUXQqm5sC},
  year={1990},
  publisher={Cambridge University Press}
}
@article{chia,
  title = {Self-Trapping of Optical Beams},
  author = {Chiao, R. Y. and Garmire, E. and Townes, C. H.},
  journal = {Phys. Rev. Lett.},
  volume = {13},
  issue = {15},
  pages = {479--482},
  numpages = {0},
  year = {1964},
  month = {Oct},
  publisher = {American Physical Society},
  doi = {10.1103/PhysRevLett.13.479},
  url = {https://link.aps.org/doi/10.1103/PhysRevLett.13.479}
}
@article{ber81,
 ISSN = {00222518, 19435258},
 URL = {http://www.jstor.org/stable/24893128},
 author = {H. BERESTYCKI and P. L. LIONS and L. A. PELETIER},
 journal = {Indiana University Mathematics Journal},
 number = {1},
 pages = {141--157},
 publisher = {Indiana University Mathematics Department},
 title = {An ODE Approach to the Existence of Positive Solutions for Semilinear
 Problems in Rn},
 volume = {30},
 year = {1981}
}
@book{teschl,
  title={Ordinary Differential Equations and Dynamical Systems},
  author={Teschl, G.},
  isbn={9780821883280},
  lccn={2012015024},
  series={Graduate studies in mathematics},
  url={https://books.google.nl/books?id=FZ0CAQAAQBAJ},
  year={2012},
  publisher={American Mathematical Society}
}
@article {coffm,
    AUTHOR = {Coffman, Charles V.},
     TITLE = {Uniqueness of the ground state solution for {$\Delta
              u-u+u^{3}=0$} and a variational characterization of other
              solutions},
   JOURNAL = {Arch. Rational Mech. Anal.},
  FJOURNAL = {Archive for Rational Mechanics and Analysis},
    VOLUME = {46},
      YEAR = {1972},
     PAGES = {81--95},
      ISSN = {0003-9527},
   MRCLASS = {35Q99 (35J05)},
  MRNUMBER = {333489},
MRREVIEWER = {C. A. Swanson},
       DOI = {10.1007/BF00250684},
       URL = {https://doi.org/10.1007/BF00250684},
}
@article {kwong,
    AUTHOR = {Kwong, Man Kam},
     TITLE = {Uniqueness of positive solutions of {$\Delta u-u+u^p=0$} in
              {${\bf R}^n$}},
   JOURNAL = {Arch. Rational Mech. Anal.},
  FJOURNAL = {Archive for Rational Mechanics and Analysis},
    VOLUME = {105},
      YEAR = {1989},
    NUMBER = {3},
     PAGES = {243--266},
      ISSN = {0003-9527},
   MRCLASS = {35B05 (35J60)},
  MRNUMBER = {969899},
MRREVIEWER = {Moshe Marcus},
       DOI = {10.1007/BF00251502},
       URL = {https://doi.org/10.1007/BF00251502},
}
@article {gen11,
    AUTHOR = {Genoud, Fran\c{c}ois},
     TITLE = {A uniqueness result for {$\Delta u-\lambda u+V(|x|)u^p=0$} on
              {$\Bbb R^2$}},
   JOURNAL = {Adv. Nonlinear Stud.},
  FJOURNAL = {Advanced Nonlinear Studies},
    VOLUME = {11},
      YEAR = {2011},
    NUMBER = {3},
     PAGES = {483--491},
      ISSN = {1536-1365},
   MRCLASS = {35J91 (35A02 35B07 35B09)},
  MRNUMBER = {2839991},
MRREVIEWER = {Justino S\'{a}nchez},
       DOI = {10.1515/ans-2011-0301},
       URL = {https://doi.org/10.1515/ans-2011-0301},
}    
@book{genthes,
author = {Genoud, Fran\c{c}ois},
publisher = {EPFL},
year = {2008},
title = {Th\'eorie de bifurcation et de stabilit\'e pour une \'equation de
         Schr\"odinger avec une non-lin\'earit\'e compacte},
address = {Lausanne},
keywords = {SCHROEDINGER EQUATION (QUANTUM THEORY): 530.145.61},
}

