@article{ber81,
 ISSN = {00222518, 19435258},
 URL = {http://www.jstor.org/stable/24893128},
 author = {H. BERESTYCKI and P. L. LIONS and L. A. PELETIER},
 journal = {Indiana University Mathematics Journal},
 number = {1},
 pages = {141--157},
 publisher = {Indiana University Mathematics Department},
 title = {An ODE Approach to the Existence of Positive Solutions for Semilinear Problems in R
          N},
 volume = {30},
 year = {1981}
}

